<?xml version="1.0" encoding="UTF-8"?><collection xmlns="http://www.loc.gov/MARC21/slim"><record><leader>00361nam--2200133-i-4500</leader><controlfield tag="001">000049353</controlfield><controlfield tag="002">20161230</controlfield><controlfield tag="005">20161230201047</controlfield><controlfield tag="008">060222s1000------------r-----000-0-eng-d</controlfield><datafield ind1=" " ind2=" " tag="245"><subfield code="a">The chemistry of the hydroxyl group</subfield></datafield><datafield ind1=" " ind2=" " tag="260"><subfield code="a">London, Interscience Publ., 1971, Xiv+639p</subfield></datafield><datafield ind1=" " ind2=" " tag="490"><subfield code="a">The Chemistry Of Functional Groups</subfield></datafield><datafield ind1=" " ind2=" " tag="700"><subfield code="a">Patai, Saul</subfield></datafield><datafield ind1=" " ind2=" " tag="852"><subfield code="a">35210</subfield></datafield></record></collection>